<?xml version="1.0" encoding="utf-8"?>
<record xmlns="http://www.loc.gov/MARC21/slim" xmlns:xsi="http://www.w3.org/2001/XMLSchema-instance" xsi:schemaLocation="http://www.loc.gov/MARC21/slim http://www.loc.gov/standards/marcxml/schema/MARC21slim.xsd">
	<leader>     nam a22     Mi 4500</leader>
	<controlfield tag="001">2769499</controlfield>
	<controlfield tag="003">NjP</controlfield>
	<controlfield tag="006">m        d        </controlfield>
	<controlfield tag="007">cr cn |||m|||a</controlfield>
	<controlfield tag="008">210211s1961    ir      o     000 0 ara d</controlfield>
	<datafield ind1=" " ind2=" " tag="040">
		<subfield code="a">ZYU</subfield>
		<subfield code="b">ara</subfield>
		<subfield code="e">rda</subfield>
		<subfield code="c">ZYU</subfield>
	</datafield>
	<datafield ind1="1" ind2=" " tag="100">
		<subfield code="6">880-01</subfield>
		<subfield code="a">Kulaynī, Muḥammad ibn Yaʻqūb,</subfield>
		<subfield code="d">-941?</subfield>
	</datafield>
	<datafield ind1="1" ind2="3" tag="245">
		<subfield code="6">880-02</subfield>
		<subfield code="a">al-Uṣūl min al-Kāfī /</subfield>
		<subfield code="c">taʼlīf Abī Jaʻfar Muḥammad ibn Yaʻqūb ibn Isḥāq al-Kulaynī al-Rāzī ; maʻa al-sharḥ wa-al-tarjamah bi-qalam Muḥammad Bāqir al-Kamraʼī ; ṣaḥḥaḥahu wa-qābalahu ʻalá ʻiddat nusakh khaṭṭīyah thamīnah Muḥammad al-Bāqir al-Bahbūdī, ʻAlī Akbar al-Ghaffārī.</subfield>
	</datafield>
	<datafield ind1=" " ind2=" " tag="260">
		<subfield code="6">880-03</subfield>
		<subfield code="a">Ṭihrān :</subfield>
		<subfield code="b">al-Maktabah al-Islāmīyah,</subfield>
		<subfield code="c">1381 [1961 or 1962]</subfield>
	</datafield>
	<datafield ind1=" " ind2=" " tag="300">
		<subfield code="a">online resource (2 volumes)</subfield>
	</datafield>
	<datafield ind1=" " ind2=" " tag="336">
		<subfield code="a">text</subfield>
		<subfield code="2">rdacontent</subfield>
	</datafield>
	<datafield ind1=" " ind2=" " tag="337">
		<subfield code="a">computer</subfield>
		<subfield code="2">rdamedia</subfield>
	</datafield>
	<datafield ind1=" " ind2=" " tag="338">
		<subfield code="a">online resource</subfield>
		<subfield code="2">rdacarrier</subfield>
	</datafield>
	<datafield ind1=" " ind2=" " tag="500">
		<subfield code="a">In Arabic.</subfield>
	</datafield>
	<datafield ind1=" " ind2=" " tag="500">
		<subfield code="a">Part of the Arabic Collections Online (ACO) project, contributed by Princeton University Libraries.</subfield>
	</datafield>
	<datafield ind1=" " ind2=" " tag="533">
		<subfield code="a">Electronic reproduction.</subfield>
		<subfield code="b">New York, N.Y. :</subfield>
		<subfield code="c">New York University,</subfield>
		<subfield code="d">2021.</subfield>
		<subfield code="5">NNU</subfield>
	</datafield>
	<datafield ind1=" " ind2="0" tag="650">
		<subfield code="a">Hadith (Shiites)</subfield>
	</datafield>
	<datafield ind1=" " ind2="7" tag="650">
		<subfield code="a">Hadith (Shiites)</subfield>
		<subfield code="2">fast</subfield>
		<subfield code="0">(OCoLC)fst00950138</subfield>
	</datafield>
	<datafield ind1="1" ind2=" " tag="700">
		<subfield code="6">880-04</subfield>
		<subfield code="a">Ghaffārī, ʻAlī Akbar.</subfield>
	</datafield>
	<datafield ind1="2" ind2=" " tag="710">
		<subfield code="a">Princeton University.</subfield>
		<subfield code="b">Library.</subfield>
	</datafield>
	<datafield ind1="0" ind2=" " tag="730">
		<subfield code="a">Arabic Collections Online.</subfield>
	</datafield>
	<datafield ind1="0" ind2="8" tag="776">
		<subfield code="i">Print version:</subfield>
		<subfield code="a">Kulaynī, Muḥammad ibn Yaʻqūb, -941?</subfield>
		<subfield code="t">al-Uṣūl min al-Kāfī</subfield>
		<subfield code="w">(NjP)2769499</subfield>
		<subfield code="w">(OCoLC)32439206</subfield>
	</datafield>
	<datafield ind1="4" ind2="0" tag="856">
		<subfield code="u">http://hdl.handle.net/2333.1/k6djhmx8</subfield>
	</datafield>
	<datafield ind1="1" ind2=" " tag="880">
		<subfield code="6">100-01</subfield>
		<subfield code="a">كليني، محمد بن يعقوب،</subfield>
		<subfield code="d">-941?</subfield>
	</datafield>
	<datafield ind1="1" ind2="2" tag="880">
		<subfield code="6">245-02</subfield>
		<subfield code="a">الاصول من الكافي /</subfield>
		<subfield code="c">تأليف ابي جعفر محمد بن يعقوب بن اسحاق الكليني الرازي ؛ مع الشرح والترجمة بقلم محمد باقر الكمرأي ؛ صححه وقابله على عدة نسخ خطية ثمينة محمد الباقر البهبودي، علي اكبر الغفاري.</subfield>
	</datafield>
	<datafield ind1=" " ind2=" " tag="880">
		<subfield code="6">260-03</subfield>
		<subfield code="a">طهران :</subfield>
		<subfield code="b">المكتبة الاسلامية،</subfield>
		<subfield code="c">1381 [1961 ر 1962]</subfield>
	</datafield>
	<datafield ind1="1" ind2=" " tag="880">
		<subfield code="6">700-04</subfield>
		<subfield code="a">غفاري، علي اكبر.</subfield>
	</datafield>
	<datafield ind1=" " ind2=" " tag="959">
		<subfield code="a">NNU</subfield>
		<subfield code="b">WEB</subfield>
		<subfield code="c">GENI</subfield>
		<subfield code="t">0</subfield>
		<subfield code="m">Electronic access</subfield>
		<subfield code="s">01</subfield>
	</datafield>
	<datafield ind1=" " ind2=" " tag="999">
		<subfield code="i">NjP_2769499</subfield>
		<subfield code="o">(OCoLC)ocm32439206</subfield>
		<subfield code="s">princeton_aco004406:v.2</subfield>
		<subfield code="s">princeton_aco004603:v.1</subfield>
		<subfield code="s">princeton_aco004671:v.3</subfield>
		<subfield code="s">princeton_aco004672:v.4</subfield>
		<subfield code="e">(ERROR-880)(ERROR-MISC)</subfield>
		<subfield code="s">princeton_aco004406:v.2</subfield>
		<subfield code="s">princeton_aco004603:v.1</subfield>
		<subfield code="s">princeton_aco004671:v.3</subfield>
		<subfield code="s">princeton_aco004672:v.4</subfield>
	</datafield>
</record>
